@article{pavel_2018,
  author    = {Pavel Korshunov and Sebastien Marcel},
  title     = {DeepFakes: a New Threat to Face Recognition? Assessment and Detection},
  journal   = {CoRR},
  volume    = {abs/1812.08685},
  year      = {2018},
  url       = {http://arxiv.org/abs/1812.08685},
  eprinttype = {arXiv},
  eprint    = {1812.08685},
  timestamp = {Wed, 02 Jan 2019 14:40:18 +0100},
  biburl    = {https://dblp.org/rec/journals/corr/abs-1812-08685.bib},
  bibsource = {dblp computer science bibliography, https://dblp.org}
}
